@online{trejos,
    author    = "Trejos Buriticá, Omar Iván",
    title     = "Estrategias motivadoras en pruebas escritas para mejorar el aprendizaje de la Programación de Computadores",
    url       = "https://www.redalyc.org/journal/849/84961238010/html/#fn1",
    keywords = {one}
}
@book{montaje,
    title={Montaje y mantenimiento de equipos},
    author="Moreno Pérez, Juan Carlos",
    isbn={9788478979783},
    series={Ciclos Formativos},
    year={2014},
    publisher={Rama Editorial},
    keywords = {one}
}
@online{alexander,
    author = "Alexander Fox",
    title = "MTE Explains: What Is a Processor’s Process Size and Why Does It Matter?",
    url = "https://www.maketecheasier.com/processors-process-size/",
    year = {2017},
    keywords = {one}
}
@book{devops,
    author = "Ravichandran, Aruna. and Taylor, Kieran. and Waterhouse, Peter",
    title = "DevOps for Digital Leaders",
    publisher = "Springer Nature",
    year = 2016,
    keywords = {two}
}
@article{free,
    author = "Navarrete, Oscar Arriola. and Quechol, Graciela Tecuatl. and Herrera Guadalupe González",
    title = "Software propietario vs software libre: una evaluación de sistemas integrales para la automatización de bibliotecas",
    journal = "Investigación bibliotecológica",
    year = 2011,
    keywords = {two}
}
@phdthesis{rodriguez,
    author = "Rodríguez Ballester, Francisco",
    title = "Detección concurrente de errores en el flujo de ejecución de un procesador",
    school = "Universidad Politécnica de Valencia",
    year = "2015",
    keywords = {two}
}
@online{asus,
    author = "Aller, Ángel",
    title = "Maximiza la vida útil de los componentes de tu PC y conoce cuáles fallan más",
    url = "https://www.profesionalreview.com/2021/09/04/componentes-pc-fallan-mas/",
    year = {2021},
    keywords = {three}
}
@article{pcmag,
    author = "Gordon, Whitson",
    title = "7 Bad Habits That Are Destroying Your PC",
    journal = Pcmag,
    year = 2023,
    keywords = {three}
}
@article{computerhoy,
    author = "Ortega, Ekaitz",
    title = "¿La tecnología ya no dura lo que antes? Estos son los aparatos que más rápido se estropean, según la OCU",
    journal = "Computer hoy",
    year = 2020,
    keywords  = {three}
}
@online{invgate,
    author    = "Trejos Buriticá, Omar Iván",
    title     = "Gestión de Activos de IT (ITAM)",
    url       = "https://invgate.com/es/guides/itam/",
    keywords  = {four}
}
@online{branch,
    author = "branch",
    title = "Estadísticas de la situación digital de Colombia en el 2021-2022",
    url = "https://branch.com.co/marketing-digital/estadisticas-de-la-situacion-digital-de-colombia-en-el-2021-2022/",
    keywords  = {four}
}